<record xmlns="http://www.loc.gov/MARC21/slim" xmlns:xsi="http://www.w3.org/2001/XMLSchema-instance" xsi:schemaLocation="http://www.loc.gov/MARC21/slim http://www.loc.gov/standards/marcxml/schema/MARC21slim.xsd"><leader>01869nam a2200397   4500</leader><controlfield tag="001">002122143</controlfield><controlfield tag="003">NNU</controlfield><controlfield tag="006">m        d        </controlfield><controlfield tag="007">cr cn |||m|||a</controlfield><controlfield tag="008">140707r19731910ir      o    o000 0 ara</controlfield><datafield ind1=" " ind2=" " tag="040"><subfield code="a">NNU</subfield><subfield code="b">eng</subfield><subfield code="c">NNU</subfield></datafield><datafield ind1="0" ind2=" " tag="050"><subfield code="a">B751</subfield><subfield code="b">.M4 1973</subfield></datafield><datafield ind1=" " ind2=" " tag="066"><subfield code="c">(3</subfield></datafield><datafield ind1=" " ind2=" " tag="090"><subfield code="a">B751</subfield><subfield code="b">.M4 1973</subfield></datafield><datafield ind1="0" ind2=" " tag="100"><subfield code="6">880-01</subfield><subfield code="a">Avicenna,</subfield><subfield code="d">980-1037</subfield></datafield><datafield ind1="1" ind2="3" tag="245"><subfield code="6">880-02</subfield><subfield code="a">al-Qa&#7779;&#299;dah al-muzdawijah f&#299; al-man&#7789;iq wa-man&#7789;iq al-mashriq&#299;y&#299;n</subfield><subfield code="h">[electronic resource] /</subfield><subfield code="c">ta&#7779;n&#299;f Ab&#299; &#699;Al&#299; ibn S&#299;n&#257;.</subfield></datafield><datafield ind1="1" ind2="5" tag="246"><subfield code="6">880-03</subfield><subfield code="a">Man&#7789;iq al-mashriq&#299;y&#299;n</subfield></datafield><datafield ind1=" " ind2=" " tag="260"><subfield code="6">880-04</subfield><subfield code="a">&#7788;ihr&#257;n :</subfield><subfield code="b">Maktabat al-Ja&#699;far&#299; al-Tabr&#299;z&#299;,</subfield><subfield code="c">[1973]</subfield></datafield><datafield ind1=" " ind2=" " tag="300"><subfield code="a">online resource (39, 18, 83, 3 p.)</subfield></datafield><datafield ind1=" " ind2=" " tag="500"><subfield code="a">In Arabic.</subfield></datafield><datafield ind1=" " ind2=" " tag="500"><subfield code="a">Cover title.</subfield></datafield><datafield ind1=" " ind2=" " tag="500"><subfield code="a">Part of the Arabic Collections Online (ACO) project, contributed by New York Univeristy Libraries.</subfield></datafield><datafield ind1=" " ind2=" " tag="533"><subfield code="a">Electronic reproduction.</subfield><subfield code="b">New York, N.Y. :</subfield><subfield code="c">New York University,</subfield><subfield code="d">2014.</subfield><subfield code="5">NNU</subfield></datafield><datafield ind1=" " ind2=" " tag="534"><subfield code="p">Reprint of the 1910 ? ed.</subfield></datafield><datafield ind1=" " ind2="0" tag="650"><subfield code="a">Logic</subfield><subfield code="v">Early works to 1800.</subfield></datafield><datafield ind1="0" ind2="2" tag="700"><subfield code="6">880-05</subfield><subfield code="a">Avicenna,</subfield><subfield code="d">980-1037</subfield><subfield code="t">Man&#7789;iq al-Mashriq&#299;y&#299;n.</subfield></datafield><datafield ind1="2" ind2=" " tag="710"><subfield code="a">New York University.</subfield><subfield code="b">Libraries.</subfield></datafield><datafield ind1="0" ind2=" " tag="730"><subfield code="a">Arabic Collections Online.</subfield></datafield><datafield ind1="0" ind2="8" tag="776"><subfield code="i">Print version:</subfield><subfield code="a">Avicenna, 980-1037 880-01</subfield><subfield code="t">al-Qa&#7779;&#299;dah al-muzdawijah f&#299; al-man&#7789;iq wa-man&#7789;iq al-mashriq&#299;y&#299;n</subfield><subfield code="w">(NNU)002122143</subfield><subfield code="w">(DLC)73960850</subfield></datafield><datafield ind1="4" ind2="0" tag="856"><subfield code="u">http://hdl.handle.net/2333.1/prr4xjr9</subfield></datafield><datafield ind1="0" ind2=" " tag="880"><subfield code="6">100-01/</subfield><subfield code="a">&#1571;&#1576;&#1608; &#1593;&#1604;&#1610; &#1576;&#1606; &#1587;&#1610;&#1606;&#1575;.</subfield></datafield><datafield ind1="1" ind2="2" tag="880"><subfield code="6">245-02/</subfield><subfield code="a">&#1575;&#1604;&#1602;&#1589;&#1610;&#1583;&#1577; &#1575;&#1604;&#1605;&#1586;&#1583;&#1608;&#1580;&#1577; &#1601;&#1610; &#1575;&#1604;&#1605;&#1606;&#1591;&#1602; &#1608;&#1605;&#1606;&#1591;&#1602; &#1575;&#1604;&#1605;&#1588;&#1585;&#1602;&#1610;&#1610;&#1606; /</subfield><subfield code="c">&#1578;&#1607;&#1585;&#1575;&#1606; :</subfield><subfield code="b">&#1589;&#1606;&#1610;&#1601; &#1571;&#1576;&#1610; &#1593;&#1604;&#1610; &#1576;&#1606; &#1587;&#1610;&#1606;&#1575;.</subfield></datafield><datafield ind1="1" ind2="5" tag="880"><subfield code="6">246-03/</subfield><subfield code="a">&#1605;&#1606;&#1591;&#1602; &#1575;&#1604;&#1605;&#1588;&#1585;&#1602;&#1610;&#1610;&#1606;</subfield></datafield><datafield ind1=" " ind2=" " tag="880"><subfield code="6">260-04/</subfield><subfield code="a">&#1591;&#1607;&#1585;&#1575;&#1606; :</subfield><subfield code="b">&#1605;&#1603;&#1578;&#1576;&#1577; &#1575;&#1604;&#1580;&#1594;&#1585;&#1601;&#1609; &#1575;&#1604;&#1578;&#1576;&#1585;&#1610;&#1586;&#1610;&#1548;</subfield><subfield code="c">[1973]</subfield></datafield><datafield ind1="0" ind2=" " tag="880"><subfield code="6">700-05/</subfield><subfield code="a">&#1571;&#1576;&#1608; &#1593;&#1604;&#1610; &#1576;&#1606; &#1587;&#1610;&#1606;&#1575;.</subfield></datafield><datafield ind1=" " ind2=" " tag="959"><subfield code="a">NNU</subfield><subfield code="b">WEB</subfield><subfield code="c">GENI</subfield><subfield code="t">0</subfield><subfield code="m">Electronic access</subfield><subfield code="s">01</subfield></datafield></record>